@article{akyildiz2005underwater,
	title={Underwater acoustic sensor networks: research challenges},
	author={Akyildiz, Ian F and Pompili, Dario and Melodia, Tommaso},
	journal={Ad hoc networks},
	volume={3},
	number={3},
	pages={257--279},
	year={2005},
	publisher={Elsevier}
}

@techreport{montana2008auvnetsim,
	title={AUVNetSim: A simulator for underwater acoustics networks},
	author={Montana, Josep Miquel Jornet},
	year={2008},
	institution={Massachusetts Institute of Technology. Sea Grant College Program}
}

@ARTICLE{8248761,  author={Sherlock, Benjamin and Neasham, Jeffrey A. and Tsimenidis, Charalampos C.},  journal={IEEE Access},   title={Spread-Spectrum Techniques for Bio-Friendly Underwater Acoustic Communications},   year={2018},  volume={6},  number={},  pages={4506-4520},  doi={10.1109/ACCESS.2018.2790478}}

@misc{simpy,
	author = {Team SimPy Revision},
	title = {{Simpy Discrete event simulation for Python}},
	url = {https://github.com/bensherlock/nm3-python-driver},
	urldate = {2021-10-06},
}

@misc{techinical,
	author = {National Physical Laboratory},
	title = {{Technical Guides - Speed of sound in sea water}},
	url = {http://resource.npl.co.uk/acoustics/techguides/soundseawater/index.html#},
	urldate = {2021-10-05},
}

@misc{speed,
	author = {National Physical Laboratory},
	title = {{Speed of sound in sea water - Underlying Physics}},
	url = {http://resource.npl.co.uk/acoustics/techguides/soundseawater/underlying-phys.html},
	urldate = {2021-10-05},
}